% This file was created with JabRef 2.10.
% Encoding: US-ASCII

@article{aggarwal1987geometric,
  title={Geometric applications of a matrix-searching algorithm},
  author={Aggarwal, Alok and Klawe, Maria M and Moran, Shlomo and Shor, Peter and Wilber, Robert},
  journal={Algorithmica},
  volume={2},
  number={1-4},
  pages={195--208},
  year={1987},
  publisher={Springer}
}


@incollection{demaine2005optimizing,
  title={Optimizing a 2d function satisfying unimodality properties},
  author={Demaine, Erik D and Langerman, Stefan},
  booktitle={Algorithms--ESA 2005},
  pages={887--898},
  year={2005},
  publisher={Springer}
}

@article{welzl2001entering,
  title={Entering and leaving $j$-facets},
  author={Welzl, Emo},
  journal={Discrete \& Computational Geometry},
  volume={25},
  number={3},
  pages={351--364},
  year={2001},
  publisher={Springer}
}

@InProceedings{linepointstoc,
  Title                    = {One line and n points},
  Author                   = {Bernd G{\"{a}}rtner and
 J{\'{o}}zsef Solymosi and
 Falk Tschirschnitz and
 Emo Welzl and
 Pavel Valtr},
  Booktitle                = {Proceedings on 33rd Annual {ACM} Symposium on Theory of Computing,
 July 6-8, 2001, Heraklion, Crete, Greece},
  Year                     = {2001},
  Pages                    = {306--315},

  Bibsource                = {dblp computer science bibliography, http://dblp.org},
  Biburl                   = {http://dblp.uni-trier.de/rec/bib/conf/stoc/GartnerSTWV01},
  Crossref                 = {DBLP:conf/stoc/2001},
  Doi                      = {10.1145/380752.380814},
  Timestamp                = {Thu, 16 Feb 2012 12:04:51 +0100},
  Url                      = {http://doi.acm.org/10.1145/380752.380814}
}

@InProceedings{SW,
  Title                    = {Unique Sink Orientations of Cubes},
  Author                   = {Tibor Szab{\'{o}} and
 Emo Welzl},
  Booktitle                = {42nd Annual Symposium on Foundations of Computer Science, {FOCS} 2001,
 14-17 October 2001, Las Vegas, Nevada, {USA}},
  Year                     = {2001},
  Pages                    = {547--555},

  Bibsource                = {dblp computer science bibliography, http://dblp.org},
  Biburl                   = {http://dblp.uni-trier.de/rec/bib/conf/focs/SzaboW01},
  Crossref                 = {DBLP:conf/focs/2001},
  Doi                      = {10.1109/SFCS.2001.959931},
  Timestamp                = {Tue, 16 Dec 2014 09:57:20 +0100},
  Url                      = {http://dx.doi.org/10.1109/SFCS.2001.959931}
}

@Article{CD70,
  Title                    = {A generalization of the linear complementarity problem },
  Author                   = {Richard W. Cottle and George B. Dantzig},
  Journal                  = {Journal of Combinatorial Theory },
  Year                     = {1970},
  Number                   = {1},
  Pages                    = {79 - 90},
  Volume                   = {8},

  Doi                      = {http://dx.doi.org/10.1016/S0021-9800(70)80010-2},
  ISSN                     = {0021-9800},
  Url                      = {http://www.sciencedirect.com/science/article/pii/S0021980070800102}
}

@Article{grid05,
  Title                    = {Grid Orientations, (d,d + 2)-Polytopes, and Arrangements of Pseudolines},
  Author                   = {Felsner, Stefan and G\"{a}rtner, Bernd and Tschirschnitz, Falk},
  Journal                  = {Discrete \& Computational Geometry},
  Year                     = {2005},
  Number                   = {3},
  Pages                    = {411-437},
  Volume                   = {34},

  Doi                      = {10.1007/s00454-005-1187-x},
  ISSN                     = {0179-5376},
  Language                 = {English},
  Publisher                = {Springer-Verlag},
  Url                      = {http://dx.doi.org/10.1007/s00454-005-1187-x}
}

@Article{balls,
  Title                    = {The smallest enclosing ball of balls: combinatorial structure and algorithms},
  Author                   = {Kaspar Fischer and
 Bernd G{\"{a}}rtner},
  Journal                  = {Int. J. Comput. Geometry Appl.},
  Year                     = {2004},
  Number                   = {4-5},
  Pages                    = {341--378},
  Volume                   = {14},

  Bibsource                = {dblp computer science bibliography, http://dblp.org},
  Biburl                   = {http://dblp.uni-trier.de/rec/bib/journals/ijcga/FischerG04},
  Doi                      = {10.1142/S0218195904001500},
  Timestamp                = {Wed, 06 Apr 2005 13:12:24 +0200},
  Url                      = {http://dx.doi.org/10.1142/S0218195904001500}
}

@Article{count,
  Title                    = {Counting unique-sink orientations },
  Author                   = {Jan Foniok and Bernd G{\"a}rtner and Lorenz Klaus and Markus Sprecher},
  Journal                  = {Discrete Applied Mathematics },
  Year                     = {2014},
  Pages                    = {155 - 164},
  Volume                   = {163, Part 2},

  Owner                    = {athomas},
  Timestamp                = {2014.09.03}
}

@Article{G02,
  Title                    = {The Random-Facet simplex algorithm on combinatorial cubes},
  Author                   = {Bernd G{\"{a}}rtner},
  Journal                  = {Random Struct. Algorithms},
  Year                     = {2002},
  Number                   = {3},
  Pages                    = {353--381},
  Volume                   = {20},

  Bibsource                = {dblp computer science bibliography, http://dblp.org},
  Biburl                   = {http://dblp.uni-trier.de/rec/bib/journals/rsa/Gartner02},
  Doi                      = {10.1002/rsa.10034},
  Timestamp                = {Thu, 27 May 2004 09:13:22 +0200},
  Url                      = {http://dx.doi.org/10.1002/rsa.10034}
}

@Article{grid08,
  Title                    = {Unique Sink Orientations of Grids},
  Author                   = {G\"{a}rtner, Bernd and Jr. Morris, Walter D. and R\"{u}st, Leo},
  Journal                  = {Algorithmica},
  Year                     = {2008},
  Number                   = {2},
  Pages                    = {200-235},
  Volume                   = {51},

  Doi                      = {10.1007/s00453-007-9090-x},
  ISSN                     = {0178-4617},
  Keywords                 = {Unique sink orientation; Linear programming; Generalized linear complementarity problem; Sink finding algorithm; Holt Klee condition},
  Language                 = {English},
  Publisher                = {Springer-Verlag},
  Url                      = {http://dx.doi.org/10.1007/s00453-007-9090-x}
}

@Article{linepoint,
  Title                    = {One line and n points},
  Author                   = {G\"{a}rtner, Bernd and Tschirschnitz, Falk and Welzl, Emo and Solymosi, J\'{o}zsef and Valtr, Pavel},
  Journal                  = {Random Structures \& Algorithms},
  Year                     = {2003},
  Number                   = {4},
  Pages                    = {453--471},
  Volume                   = {23},

  Doi                      = {10.1002/rsa.10099},
  ISSN                     = {1098-2418},
  Keywords                 = {simplex algorithm, linear programming, random-edge pivot rule, randomization},
  Publisher                = {Wiley Subscription Services, Inc., A Wiley Company},
  Url                      = {http://dx.doi.org/10.1002/rsa.10099}
}

@Article{matousek,
  Title                    = {The Number Of Unique-Sink Orientations of the Hypercube*},
  Author                   = {Jir\'{\i} Matou\v{s}ek},
  Journal                  = {Combinatorica},
  Year                     = {2006},
  Number                   = {1},
  Pages                    = {91-99},
  Volume                   = {26},

  Bibsource                = {DBLP, http://dblp.uni-trier.de},
  Ee                       = {http://dx.doi.org/10.1007/s00493-006-0007-0}
}

@PhdThesis{falkthesis,
  Title                    = {LP-related Properties of Polytopes with Few Facets},
  Author                   = {Falk Tschirschnitz},
  School                   = {ETH Z\"urich},
  Year                     = {2003},

  Owner                    = {athomas},
  Timestamp                = {2015.09.23}
}

@Article{wh,
  Title                    = {Completely unimodal numberings of a simple polytope},
  Author                   = {Kathy Williamson-Hoke},
  Journal                  = {Discrete Applied Mathematics},
  Year                     = {1988},
  Number                   = {1},
  Pages                    = {69--81},
  Volume                   = {20},

  Bibsource                = {dblp computer science bibliography, http://dblp.org},
  Biburl                   = {http://dblp.uni-trier.de/rec/bib/journals/dam/Hoke88},
  Doi                      = {10.1016/0166-218X(88)90042-X},
  Timestamp                = {Mon, 08 Sep 2014 19:38:33 +0200},
  Url                      = {http://dx.doi.org/10.1016/0166-218X(88)90042-X}
}

@Proceedings{DBLP:conf/stoc/2001,
  Title                    = {Proceedings on 33rd Annual {ACM} Symposium on Theory of Computing,
 July 6-8, 2001, Heraklion, Crete, Greece},
  Year                     = {2001},
  Editor                   = {Jeffrey Scott Vitter and
 Paul G. Spirakis and
 Mihalis Yannakakis},
  Publisher                = {{ACM}},

  Bibsource                = {dblp computer science bibliography, http://dblp.org},
  Biburl                   = {http://dblp.uni-trier.de/rec/bib/conf/stoc/2001},
  ISBN                     = {1-58113-349-9},
  Timestamp                = {Thu, 16 Feb 2012 12:04:51 +0100}
}

@Proceedings{DBLP:conf/focs/2001,
  Title                    = {Proceedings of the 42nd IEEE Symposium on Foundations of Computer Science (FOCS'01)},
  Year                     = {2001},

  Booktitle                = {Proceedings of the 42nd IEEE Symposium on Foundations of Computer Science (FOCS'01)},
  Owner                    = {athomas},
  Timestamp                = {2014.09.03}
}

